<record><leader>00000cas a22000007a 4500</leader><controlfield tag="001">13882745</controlfield><controlfield tag="008">860717d18251852pauwr ne      0    0eng d</controlfield><datafield ind1=" " ind2=" " tag="010"><subfield code="a">sn 85036132 </subfield></datafield><datafield ind1=" " ind2=" " tag="040"><subfield code="a">NPA</subfield><subfield code="b">eng</subfield><subfield code="c">NPA</subfield><subfield code="d">NPX</subfield><subfield code="d">NPH</subfield><subfield code="d">DLC</subfield><subfield code="d">NPH</subfield><subfield code="d">MGN</subfield><subfield code="d">KRTAS</subfield><subfield code="d">DLC</subfield><subfield code="d">OCLCQ</subfield><subfield code="d">OCLCF</subfield></datafield><datafield ind1="1" ind2=" " tag="029"><subfield code="a">AU@</subfield><subfield code="b">000025788906</subfield></datafield><datafield ind1=" " ind2=" " tag="042"><subfield code="a">msc</subfield></datafield><datafield ind1=" " ind2=" " tag="043"><subfield code="a">n-us-pa</subfield></datafield><datafield ind1="0" ind2="0" tag="050"><subfield code="a">Newspaper 9375-X</subfield></datafield><datafield ind1="0" ind2="0" tag="245"><subfield code="a">Republican farmer, and Democratic journal.</subfield></datafield><datafield ind1="3" ind2="0" tag="246"><subfield code="a">Advocate and farmer</subfield></datafield><datafield ind1="1" ind2="3" tag="246"><subfield code="a">Republican farmer</subfield></datafield><datafield ind1="1" ind2="3" tag="246"><subfield code="a">Farmer and journal</subfield></datafield><datafield ind1=" " ind2=" " tag="260"><subfield code="a">Wilkesbarre, Pa. :</subfield><subfield code="b">Henry Pettebone</subfield></datafield><datafield ind1=" " ind2=" " tag="300"><subfield code="a">v. :</subfield><subfield code="b">ill. (chiefly advertisements) ;</subfield><subfield code="c">56-61 cm.</subfield></datafield><datafield ind1=" " ind2=" " tag="310"><subfield code="a">Weekly</subfield></datafield><datafield ind1="1" ind2=" " tag="362"><subfield code="a">Began in 1825; ceased in 1852. Cf. Salisbury, R. Pa. newspapers.</subfield></datafield><datafield ind1=" " ind2=" " tag="500"><subfield code="a">Published every Friday.</subfield></datafield><datafield ind1=" " ind2=" " tag="500"><subfield code="a">Publishers: J.J. Adam, &lt;1831&gt;; H. Webb, &lt;1837&gt;.</subfield></datafield><datafield ind1=" " ind2=" " tag="525"><subfield code="a">Published a joint extra with: Wilkes-Barre advocate, June 4, 1841, entitled: Advocate and farmer.</subfield></datafield><datafield ind1=" " ind2=" " tag="588"><subfield code="a">Description based on: Vol. 2, no. 25 (Mar. 5, 1830).</subfield></datafield><datafield ind1=" " ind2="0" tag="651"><subfield code="a">Wilkes-Barre (Pa.)</subfield><subfield code="v">Newspapers.</subfield></datafield><datafield ind1=" " ind2="7" tag="655"><subfield code="a">Newspapers.</subfield><subfield code="2">fast</subfield><subfield code="0">(OCoLC)fst01423814</subfield></datafield><datafield ind1=" " ind2="7" tag="651"><subfield code="a">Pennsylvania</subfield><subfield code="z">Wilkes-Barre.</subfield><subfield code="2">fast</subfield><subfield code="0">(OCoLC)fst01205407</subfield></datafield><datafield ind1=" " ind2=" " tag="752"><subfield code="a">United States</subfield><subfield code="b">Pennsylvania</subfield><subfield code="c">Luzerne</subfield><subfield code="d">Wilkes-Barre.</subfield></datafield><datafield ind1="0" ind2="7" tag="785"><subfield code="t">Luzerne Democrat</subfield><subfield code="w">(DLC)sn 86054065</subfield><subfield code="w">(OCoLC)15020904</subfield></datafield><datafield ind1="0" ind2="7" tag="785"><subfield code="t">Luzerne union</subfield><subfield code="w">(DLC)sn 84026589</subfield><subfield code="w">(OCoLC)10514891</subfield></datafield><datafield ind1=" " ind2=" " tag="938"><subfield code="a">Kirtas Technologies, Inc.</subfield><subfield code="b">KRTS</subfield><subfield code="n">739664</subfield></datafield></record>